<?xml version="1.0" encoding="UTF-8"?><collection><record><leader>06855ntm a2200661 a 4500</leader><controlfield tag="001">006836572</controlfield><controlfield tag="003">MiAaHDL</controlfield><controlfield tag="005">20190719000000.0</controlfield><controlfield tag="006">m        d        </controlfield><controlfield tag="007">cr bn ---auaua</controlfield><controlfield tag="008">090708s16uu    xx            00| ||per d</controlfield><datafield tag="035" ind1=" " ind2=" "><subfield code="a">(MiU)006836572</subfield></datafield><datafield tag="035" ind1=" " ind2=" "><subfield code="a">sdr-miu006836572</subfield></datafield><datafield tag="040" ind1=" " ind2=" "><subfield code="a">MiU</subfield><subfield code="c">MiU</subfield><subfield code="e">amremm</subfield></datafield><datafield tag="043" ind1=" " ind2=" "><subfield code="a">n-us-mi</subfield><subfield code="a">a-ir---</subfield><subfield code="a">ff-----</subfield><subfield code="a">aw-----</subfield><subfield code="a">e-sp---</subfield></datafield><datafield tag="100" ind1="1" ind2=" "><subfield code="6">880-01</subfield><subfield code="a">Mīr Khvānd, Muḥammad ibn Khāvandshāh,</subfield><subfield code="d">1433-1498.</subfield></datafield><datafield tag="240" ind1="1" ind2="0"><subfield code="6">880-02</subfield><subfield code="a">Rawz̤at al-ṣafāʼ.</subfield><subfield code="n">jild 6</subfield></datafield><datafield tag="245" ind1="1" ind2="0"><subfield code="6">880-03</subfield><subfield code="a">Jild-i shishum-i Rawz̤at al-ṣafā,</subfield><subfield code="f">[17th century?].</subfield></datafield><datafield tag="246" ind1="3" ind2="8"><subfield code="a">Roozut ol Sufa 6</subfield></datafield><datafield tag="246" ind1="3" ind2=" "><subfield code="i">Title from colophon on p.1037:</subfield><subfield code="a">دفتر السادس من روضة الصفا</subfield></datafield><datafield tag="260" ind1=" " ind2=" "><subfield code="c">[16--?].</subfield></datafield><datafield tag="300" ind1=" " ind2=" "><subfield code="a">519 leaves :</subfield><subfield code="b">paper ;</subfield><subfield code="c">268 x 168 (187 x 100) mm. bound to 277 x 182 mm.</subfield></datafield><datafield tag="500" ind1=" " ind2=" "><subfield code="a">Shelfmark: Ann Arbor, University of Michigan, Special Collections Library, Isl. Ms. 860 v.6</subfield></datafield><datafield tag="500" ind1=" " ind2=" "><subfield code="a">Origin: Lacks dated colophon (i.e. colophon does not specify date of transcription) though ownership statement and seal impression in name of Mīr Jumlah provide terminus ante quem of roughly 1663 ; paper, hand, etc. would suggest 17th century.</subfield></datafield><datafield tag="500" ind1=" " ind2=" "><subfield code="a">Accompanying materials: a. Card with description in pencil "rowẓat al-ṣafā | (MS) | vol. 6 (pages unnumbered) | Date: 1118 AH [crossed out]" -- b. Slip with note "Persian MSS (Heyworth-Dunne?) with Meredith-Owens notes" -- c. Slip with note "'Counted for 1968/69 Annual Report"</subfield></datafield><datafield tag="500" ind1=" " ind2=" "><subfield code="a">Former shelfmark: Mich. Isl. Ms. temp. no. 9 v.6</subfield></datafield><datafield tag="500" ind1=" " ind2=" "><subfield code="a">Binding: Boards covered in light orange brown leather decorated in "marbled calf" manner ; Western style binding ; pastedowns and flyleaves in light blue-green surface-dyed wove paper ; spine in dark green and brown leather, gold-stamped with decorative bands and title "ROOZUT OL SUFA 6" ; edges of text block red-flecked ; sewn in white thread over three recessed cords ; worked Western style endbands, in fair condition though headband is detaching ; overall in fair condition with minor abrasion and deterioration of leather, upper cover and spine leather detaching, etc.</subfield></datafield><datafield tag="500" ind1=" " ind2=" "><subfield code="a">Support: non-European (likely Indian or Persian) laid paper ; mainly a type with 8-9 laid lines per cm. (vertical, somewhat indistinct, some curving) and irregular chain lines faintly visible, thin and crisp though sturdy, dark cream to beige in color, well-burnished ; minor pest damage ; several repairs.</subfield></datafield><datafield tag="500" ind1=" " ind2=" "><subfield code="a">Decoration: Illuminated headpiece (ʻunwān / sarlawḥ) at opening on p.6 consisting of rectangular piece with basmalah surrounded by gold 'cloud-bands' with blue accents, surmounted by scalloped dome with floral vegetal decoration in blue, lavender, red, etc. on a gold ground, set into a well of red and gold bands bordering a series of blue crosses ; written area of incipit and facing page surrounded by frame of gold and red bands with outermost blue rule ; illuminated marginal decoration in a band of gold vegetal design on incipit and facing page ; written area elsewhere surrounded by triple rule-border in red and blue fillets ; keywords and headings rubricated.</subfield></datafield><datafield tag="500" ind1=" " ind2=" "><subfield code="a">Script: Nastaʻlīq ; elegant hand in a bold line ; serifless with effect tilt to the right, slight effect of words descending to baseline, exaggerated thickness and elongation of horizontal strokes, pointing in distinct or conjoined dots, letterforms spaciously arranged though medium in size.</subfield></datafield><datafield tag="500" ind1=" " ind2=" "><subfield code="a">Layout: Written in 21 lines per page ; frame-ruled.</subfield></datafield><datafield tag="500" ind1=" " ind2=" "><subfield code="a">Collation: ii, 64 IV(512), IV-1 (519), ii ; exclusively quaternions ; middle of the quire marks in the form of black oblique strokes in the upper outer corner of the right-hand leaf and the lower outer corner of the left-hand leaf ; catchwords present ; pagination in pencil, Western numerals, supplied during digitization (includes flyleaves and skips two pages each between pp.609-610 and 893-894).</subfield></datafield><datafield tag="500" ind1=" " ind2=" "><subfield code="a">Colophon: "Scribal," reads "تمت کتابت الکتاب عن دفتر السادس من روضة الصفا"</subfield></datafield><datafield tag="500" ind1=" " ind2=" "><subfield code="a">Incipit: "جواهر حمد و سپاس و لالی شکر بی قیاس ..."</subfield></datafield><datafield tag="500" ind1=" " ind2=" "><subfield code="a">Title from inscription on front flyleaf (p.1) and inscription on 'title page' (p.5).</subfield></datafield><datafield tag="500" ind1=" " ind2=" "><subfield code="a">Ms. codex.</subfield></datafield><datafield tag="510" ind1="4" ind2=" "><subfield code="a">B. Forbes Manz &amp; A. Beveridge, "Mīrkhwānd," In EI2.</subfield></datafield><datafield tag="510" ind1="4" ind2=" "><subfield code="a">Ḥājjī Khalīfah. Kashf al-ẓunūn,</subfield><subfield code="c">1/926</subfield></datafield><datafield tag="510" ind1="4" ind2=" "><subfield code="a">Storey,</subfield><subfield code="c">i, 92-101, 1236</subfield></datafield><datafield tag="510" ind1="4" ind2=" "><subfield code="a">Cat. Pers. MSS. Brit. Mus.,</subfield><subfield code="c">p.92 ff.</subfield></datafield><datafield tag="520" ind1="8" ind2=" "><subfield code="a">Fine copy of the sixth volume, addressing Tīmūr and his successors to the death of Abū Saʻīd, of the celebrated universal history Rawz̤at al-ṣafāʼ fī sīrat al-anbiyāʼ va al-mulūk va al-khulafāʼ by the Tīmūrid historian Muḥammad ibn Khvāndshāh Mīr Khvānd (d.1498).</subfield></datafield><datafield tag="538" ind1=" " ind2=" "><subfield code="a">Mode of access: Internet.</subfield></datafield><datafield tag="541" ind1=" " ind2=" "><subfield code="c">Gift ;</subfield><subfield code="a">Acquired from Frank E. Nuttall (1875-1943).</subfield></datafield><datafield tag="546" ind1=" " ind2=" "><subfield code="a">Persian.</subfield></datafield><datafield tag="561" ind1=" " ind2=" "><subfield code="a">On verso of front flyleaf (p.1) description with title, hand, contents for this volume, and listing of the former owners whose seals (مهر) appear in the manuscript ; inscription on inner front flyleaf (p.3) "Apparently was once the property of the celebrated Khan Khanan, Commander in chief of Mohammad Shah. M.A. [?]" ; former owners' marks on 'title page' (p.5) include partially effaced statement, statement with title and date "هفتم رجب سنه هزار و یکصد و ...؟" i.e. 11-- [1689 or after], small oval seal impression (effaced) and large circular seal impression (repeated twice and again on p.1036) in name of the Mughal general Mīr Jumlah Khān-i Khānān Bahādur Muʻaẓẓam Khān (d.1663) (میر جمله خان خانان بهادر معظم خان ) ; rectangular seal impression dated 1186 [1772 or 3] at close on p.1037 in name of Muḥammad Ḥusaynī Ṣāʼib ( محمد حسينى صايب ) ; occasional notabilia (side-heads) and marginal notes.</subfield></datafield><datafield tag="650" ind1=" " ind2="0"><subfield code="a">Manuscripts, Persian</subfield><subfield code="z">Michigan</subfield><subfield code="z">Ann Arbor.</subfield></datafield><datafield tag="650" ind1=" " ind2="0"><subfield code="a">Timurids</subfield><subfield code="v">Early works to 1800.</subfield></datafield><datafield tag="650" ind1=" " ind2="0"><subfield code="a">World history</subfield><subfield code="v">Early works to 1800.</subfield></datafield><datafield tag="651" ind1=" " ind2="0"><subfield code="a">Iran</subfield><subfield code="x">History</subfield><subfield code="y">1256-1500</subfield><subfield code="v">Early works to 1800.</subfield></datafield><datafield tag="651" ind1=" " ind2="0"><subfield code="a">Islamic Empire</subfield><subfield code="x">History</subfield><subfield code="y">1258-1517</subfield><subfield code="v">Early works to 1800.</subfield></datafield><datafield tag="655" ind1=" " ind2="7"><subfield code="a">Headpieces (layout features)</subfield><subfield code="y">17th century.</subfield><subfield code="2">aat</subfield></datafield><datafield tag="700" ind1="1" ind2=" "><subfield code="a">Nuttall, Frank E.,</subfield><subfield code="d">1875-1943,</subfield><subfield code="e">former owner.</subfield></datafield><datafield tag="700" ind1="0" ind2=" "><subfield code="6">880-07</subfield><subfield code="a">Mir Jumla,</subfield><subfield code="d">d. 1663,</subfield><subfield code="e">former owner.</subfield></datafield><datafield tag="773" ind1="0" ind2=" "><subfield code="a">F. E. Nuttall Collection.</subfield></datafield><datafield tag="880" ind1="0" ind2=" "><subfield code="6">700-07/</subfield><subfield code="a">مير جمله,</subfield><subfield code="e">مالك سابق.</subfield></datafield><datafield tag="880" ind1="1" ind2="0"><subfield code="6">245-03/</subfield><subfield code="a">جلد ششم روضه الصفا,</subfield><subfield code="f">قرن 17م؟].</subfield></datafield><datafield tag="880" ind1="1" ind2="0"><subfield code="6">240-02/</subfield><subfield code="a">روضة الصفا.</subfield><subfield code="n">جلد 6</subfield></datafield><datafield tag="880" ind1="1" ind2=" "><subfield code="6">100-01/</subfield><subfield code="a">مير جواند، محمد بن جواندشاه.</subfield></datafield><datafield tag="CID" ind1=" " ind2=" "><subfield code="a">006836572</subfield></datafield><datafield tag="DAT" ind1="0" ind2=" "><subfield code="a">20190719102641.0</subfield><subfield code="b">20190719000000.0</subfield></datafield><datafield tag="DAT" ind1="1" ind2=" "><subfield code="a">20190719090653.0</subfield><subfield code="b">2019-07-19T16:10:53Z</subfield></datafield><datafield tag="DAT" ind1="2" ind2=" "><subfield code="a">2015-10-02T18:00:03Z</subfield></datafield><datafield tag="CAT" ind1=" " ind2=" "><subfield code="a">SDR-MIU</subfield><subfield code="d">EX LIBRIS - ALEPH</subfield><subfield code="l">prepare.pl-004-008</subfield></datafield><datafield tag="FMT" ind1=" " ind2=" "><subfield code="a">BK</subfield></datafield><datafield tag="HOL" ind1=" " ind2=" "><subfield code="0">sdr-miu006836572</subfield><subfield code="a">MiU</subfield><subfield code="b">SDR</subfield><subfield code="c">MIU</subfield><subfield code="p">mdp.39015079132356</subfield><subfield code="s">MIU</subfield><subfield code="1">006836572</subfield></datafield><datafield tag="974" ind1=" " ind2=" "><subfield code="b">MIU</subfield><subfield code="c">MIU</subfield><subfield code="d">20190719</subfield><subfield code="s">lit-dlps-dc</subfield><subfield code="u">mdp.39015079132356</subfield><subfield code="y">1699</subfield><subfield code="r">pd</subfield><subfield code="q">bib</subfield><subfield code="t">non-US bib date1 &lt; 1879</subfield></datafield></record></collection>